@misc{bartos2024,
      title={Fair coins tend to land on the same side they started: Evidence from 350,757 flips}, 
      author={František Bartoš and Alexandra Sarafoglou and Henrik R. Godmann and Amir Sahrani and David Klein Leunk and Pierre Y. Gui and David Voss and Kaleem Ullah and Malte J. Zoubek and Franziska Nippold and Frederik Aust and Felipe F. Vieira and Chris-Gabriel Islam and Anton J. Zoubek and Sara Shabani and Jonas Petter and Ingeborg B. Roos and Adam Finnemann and Aaron B. Lob and Madlen F. Hoffstadt and Jason Nak and Jill de Ron and Koen Derks and Karoline Huth and Sjoerd Terpstra and Thomas Bastelica and Magda Matetovici and Vincent L. Ott and Andreea S. Zetea and Katharina Karnbach and Michelle C. Donzallaz and Arne John and Roy M. Moore and Franziska Assion and Riet van Bork and Theresa E. Leidinger and Xiaochang Zhao and Adrian Karami Motaghi and Ting Pan and Hannah Armstrong and Tianqi Peng and Mara Bialas and Joyce Y. -C. Pang and Bohan Fu and Shujun Yang and Xiaoyi Lin and Dana Sleiffer and Miklos Bognar and Balazs Aczel and Eric-Jan Wagenmakers},
      year={2024},
      eprint={2310.04153},
      archivePrefix={arXiv},
      primaryClass={math.HO},
      url={https://arxiv.org/abs/2310.04153}, 
}
